<?xml version="1.0" encoding="UTF-8"?><record xmlns="http://www.loc.gov/MARC21/slim" xmlns:cinclude="http://apache.org/cocoon/include/1.0" xmlns:zs="http://www.loc.gov/zing/srw/">
  <leader>00812cz  a2200193n  4500</leader>
  <controlfield tag="001">n  96030957 </controlfield>
  <controlfield tag="003">DLC</controlfield>
  <controlfield tag="005">20161220073841.0</controlfield>
  <controlfield tag="008">960329n| azannaabn          |n aaa      </controlfield>
  <datafield tag="010" ind1=" " ind2=" ">
    <subfield code="a">n  96030957 </subfield>
  </datafield>
  <datafield tag="035" ind1=" " ind2=" ">
    <subfield code="a">(OCoLC)oca04046361</subfield>
  </datafield>
  <datafield tag="040" ind1=" " ind2=" ">
    <subfield code="a">DLC</subfield>
    <subfield code="b">eng</subfield>
    <subfield code="e">rda</subfield>
    <subfield code="c">DLC</subfield>
    <subfield code="d">DLC</subfield>
    <subfield code="d">MoSU</subfield>
  </datafield>
  <datafield tag="046" ind1=" " ind2=" ">
    <subfield code="f">1968-09-26</subfield>
    <subfield code="2">edtf</subfield>
  </datafield>
  <datafield tag="100" ind1="1" ind2=" ">
    <subfield code="a">Teles, Steven Michael</subfield>
  </datafield>
  <datafield tag="370" ind1=" " ind2=" ">
    <subfield code="f">Baltimore (Md.)</subfield>
    <subfield code="2">naf</subfield>
  </datafield>
  <datafield tag="373" ind1=" " ind2=" ">
    <subfield code="a">Yale University</subfield>
    <subfield code="a">Johns Hopkins University</subfield>
    <subfield code="2">naf</subfield>
  </datafield>
  <datafield tag="670" ind1=" " ind2=" ">
    <subfield code="a">Whose welfare?, 1996:</subfield>
    <subfield code="b">CIP title page (Steven Michael Teles)</subfield>
  </datafield>
  <datafield tag="670" ind1=" " ind2=" ">
    <subfield code="a">The rise of the conservative legal movement, c2008:</subfield>
    <subfield code="b">ECIP title page (Steven M. Teles) d.v. (Dept. of poli. sci., Yale Univ. ; b. Sept. 26, 1968)</subfield>
  </datafield>
  <datafield tag="670" ind1=" " ind2=" ">
    <subfield code="a">Prinson break, 2016:</subfield>
    <subfield code="b">title page (Steven M. Teles) jacket (Steven M. Teles is Associate Professor of Johns Hopkins University)</subfield>
  </datafield>
</record>